%%%%%%%%%%%%%%%%%
%% Foundations %%
%%%%%%%%%%%%%%%%%


@article{Feynman_1982,
    title = {Simulating physics with computers},
    author = {Feynman, Richard P},
    volume = {21},
    issue = {6},
    pages = {467-488},
    journal = {International Journal of Theoretical Physics},
    year = {1982},
}

@article{Deutsch_1985,
    author = {Deutsch, David},
    title = {Quantum theory, the Church-Turing principle and the universal
             quantum computer},
    journal = {Proceedings of the Royal Society of London Series A},
    year = 1985,
    month = jul,
    volume = {400},
    number = {1818},
    pages = {97-117},
    doi = {10.1098/rspa.1985.0070},
}

@article{DeutschJozsa_1992,
    author = {Deutsch, David and Jozsa, Richard},
    title = {Rapid solution of problems by quantum computation},
    journal = {Proceedings of the Royal Society of London. Series A:
               Mathematical and Physical Sciences},
    volume = {439},
    number = {1907},
    pages = {553-558},
    year = {1992},
    doi = {10.1098/rspa.1992.0167},
    URL = {https://royalsocietypublishing.org/doi/abs/10.1098/rspa.1992.0167},
}

@article{Deutsch_1989,
    author = {Deutsch, David Elieser and Penrose, Roger },
    title = {Quantum computational networks},
    journal = {Proceedings of the Royal Society of London. A. Mathematical and
               Physical Sciences},
    volume = {425},
    number = {1868},
    pages = {73-90},
    year = {1989},
    doi = {10.1098/rspa.1989.0099},
    URL = {https://royalsocietypublishing.org/doi/abs/10.1098/rspa.1989.0099},
    eprint = {https://royalsocietypublishing.org/doi/pdf/10.1098/rspa.1989.0099},
}


@article{Zurek_2003,
    title = {Decoherence, einselection, and the quantum origins of the classical
             },
    volume = {75},
    url = {http://dx.doi.org/10.1103/RevModPhys.75.715},
    doi = {10.1103/revmodphys.75.715},
    number = {3},
    journal = {Reviews of Modern Physics},
    publisher = {American Physical Society (APS)},
    author = {Zurek, Wojciech Hubert},
    year = {2003},
    month = {May},
    pages = {715–775},
}

@article{Zurek_1991,
    author = {Zurek, Wojciech Hubert},
    title = {Decoherence and the transition from quantum to classical},
    doi = {10.1063/1.881293},
    journal = {Phys. Today},
    volume = {44N10},
    pages = {36-44},
    year = {1991},
}

@inproceedings{Aharonov_Or_1997,
    author = {Aharonov, D. and Ben-Or, M.},
    title = {Fault-Tolerant Quantum Computation with Constant Error},
    year = {1997},
    publisher = {Association for Computing Machinery},
    address = {New York, NY, USA},
    url = {https://doi.org/10.1145/258533.258579},
    doi = {10.1145/258533.258579},
    booktitle = {Proceedings of the Twenty-Ninth Annual ACM Symposium on Theory
                 of Computing},
    pages = {176–188},
    numpages = {13},
}

@inproceedings{Shor_1996,
    author = {Shor, P. W.},
    title = {Fault-Tolerant Quantum Computation},
    year = {1996},
    publisher = {IEEE Computer Society},
    address = {USA},
    booktitle = {Proceedings of the 37th Annual Symposium on Foundations of
                 Computer Science},
    pages = {56},
}

@misc{gottesman_2009,
    title = {An Introduction to Quantum Error Correction and Fault-Tolerant
             Quantum Computation},
    author = {Daniel Gottesman},
    year = {2009},
    eprint = {0904.2557},
    archivePrefix = {arXiv},
    primaryClass = {quant-ph},
}

@article{Preskill_2018,
    title = {Quantum Computing in the NISQ era and beyond},
    volume = {2},
    url = {http://dx.doi.org/10.22331/q-2018-08-06-79},
    DOI = {10.22331/q-2018-08-06-79},
    journal = {Quantum},
    publisher = {Verein zur Forderung des Open Access Publizierens in den
                 Quantenwissenschaften},
    author = {Preskill, John},
    year = {2018},
    month = {Aug},
    pages = {79},
}

%%%%%%%%%%
%% IBMQ %%
%%%%%%%%%%

@misc{Qiskit,
    author = {H{\'e}ctor Abraham and others},
    title = {Qiskit: An Open-source Framework for Quantum Computing},
    year = {2019},
}

@misc{Qiskit_errormit,
    author = {Qiskit},
    title = {Learn quantum computing using Qiskit},
    howpublished = { Available at \url{
                    https://qiskit.org/textbook/ch-quantum-hardware/measurement-error-mitigation.html
                    } (2019)},
}

@misc{IBMQ,
    author = {IBM Quantum},
    howpublished = {https://quantum-computing.ibm.com/},
    year = {2021},
}

%%%%%%%%%%%%%%%%%%%%%%%%%%%%%%%%
%% Lecture notes & textbooks %%%
%%%%%%%%%%%%%%%%%%%%%%%%%%%%%%%%

@book{Mike&Ike,
    author = {Nielsen, Michael A. and Chuang, Isaac L.},
    title = {Quantum Computation and Quantum Information: 10th Anniversary
             Edition},
    year = {2011},
    publisher = {Cambridge University Press},
    address = {USA},
    edition = {10th},
}

@misc{Dewolf_2019,
    title = {Quantum Computing: Lecture Notes},
    author = {Ronald de Wolf},
    year = {2019},
    eprint = {1907.09415},
    archivePrefix = {arXiv},
    primaryClass = {quant-ph},
}

@online{Preskill_1997,
    author = {John Preskill},
    title = {Lecture Notes for Quantum Computation Course},
    year = {1998},
    url = {http://theory.caltech.edu/~preskill/ph219/index.html#lecture},
    urldate = {2021-07-26},
}

%%%%%%%%%%%%%%%%%%%%%%%%%%%%
%% Superconducting qubits %%
%%%%%%%%%%%%%%%%%%%%%%%%%%%%

@article{Kjaergaard_2020,
    title = {Superconducting Qubits: Current State of Play},
    volume = {11},
    number = {1},
    journal = {Annual Review of Condensed Matter Physics},
    publisher = {Annual Reviews},
    author = {Kjaergaard, Morten and Schwartz, Mollie E. and Braumüller, Jochen
              and Krantz, Philip and Wang, Joel I.-J. and Gustavsson, Simon and
              Oliver, William D.},
    year = {2020},
    month = {Mar},
    pages = {369–395},
}

%%%%%%%%%%%%%%%%%%%%%%%%%%%%
%% Trapped ions           %%
%%%%%%%%%%%%%%%%%%%%%%%%%%%%

@article{Bruzewicz_2019,
    author = {Colin D. Bruzewicz and John Chiaverini and Robert McConnell and
              Jeremy M. Sage},
    journal = {Applied Physics Reviews},
    title = {Trapped-ion quantum computing: Progress and challenges},
    year = {2019},
    month = {jun},
    number = {2},
    pages = {021314},
    volume = {6},
    doi = {10.1063/1.5088164},
    publisher = {{AIP} Publishing},
}

%%%%%%%%%%%%%%%%%%%%%%%%%%%%%%%%%
%% Photonics and Linear optics %%
%%%%%%%%%%%%%%%%%%%%%%%%%%%%%%%%%

@article{Slussarenko_2019,
    author = {Slussarenko,Sergei and Pryde,Geoff J. },
    title = {Photonic quantum information processing: A concise review},
    journal = {Applied Physics Reviews},
    volume = {6},
    number = {4},
    pages = {041303},
    year = {2019},
    doi = {10.1063/1.5115814},
    URL = { https://doi.org/10.1063/1.5115814 },
    eprint = { https://doi.org/10.1063/1.5115814 },
}

@article{Kok_2007,
    title = {Linear optical quantum computing with photonic qubits},
    volume = {79},
    url = {http://dx.doi.org/10.1103/RevModPhys.79.135},
    DOI = {10.1103/revmodphys.79.135},
    number = {1},
    journal = {Reviews of Modern Physics},
    publisher = {American Physical Society (APS)},
    author = {Kok, Pieter and Munro, W. J. and Nemoto, Kae and Ralph, T. C. and
              Dowling, Jonathan P. and Milburn, G. J.},
    year = {2007},
    month = {Jan},
    pages = {135–174},
}





%%%%%%%%%%%%%%%%%%%%%%%%
%% Quantum tomography %%
%%%%%%%%%%%%%%%%%%%%%%%%

@article{Nielsen_2002,
    title = {A simple formula for the average gate fidelity of a quantum
             dynamical operation},
    volume = {303},
    number = {4},
    journal = {Physics Letters A},
    publisher = {Elsevier BV},
    author = {Nielsen, Michael A},
    year = {2002},
    month = {Oct},
    pages = {249–252},
}

@article{Magesan_2011,
    title = {Gate fidelity fluctuations and quantum process invariants},
    volume = {84},
    number = {1},
    journal = {Physical Review A},
    publisher = {American Physical Society (APS)},
    author = {Magesan, Easwar and Blume-Kohout, Robin and Emerson, Joseph},
    year = {2011},
    month = {Jul},
}


@article{James_2001,
    title = {Measurement of qubits},
    author = {James, Daniel F. V. and Kwiat, Paul G. and Munro, William J. and
              White, Andrew G.},
    journal = {Phys. Rev. A},
    volume = {64},
    issue = {5},
    pages = {052312},
    numpages = {15},
    year = {2001},
    month = {Oct},
    publisher = {American Physical Society},
    doi = {10.1103/PhysRevA.64.052312},
    url = {https://link.aps.org/doi/10.1103/PhysRevA.64.052312},
}


@article{Hradil_1997,
    title = {Quantum-state estimation},
    author = {Hradil, Z.},
    journal = {Phys. Rev. A},
    volume = {55},
    issue = {3},
    pages = {R1561--R1564},
    numpages = {0},
    year = {1997},
    month = {Mar},
    publisher = {American Physical Society},
    doi = {10.1103/PhysRevA.55.R1561},
    url = {https://link.aps.org/doi/10.1103/PhysRevA.55.R1561},
}
 
%%%%%%%%%%%%%%%%%%%%%%%%%%%%%%%%
%% Single and two-qubit gates %%
%%%%%%%%%%%%%%%%%%%%%%%%%%%%%%%%

@article{Barenco_1995,
    title = {Elementary gates for quantum computation},
    volume = {52},
    number = {5},
    journal = {Phys. Rev. A},
    publisher = {American Physical Society (APS)},
    author = {Barenco, Adriano and Bennett, Charles H. and Cleve, Richard and
              DiVincenzo, David P. and Margolus, Norman and Shor, Peter and
              Sleator, Tycho and Smolin, John A. and Weinfurter, Harald},
    year = {1995},
    month = {Nov},
    pages = {3457–3467},
}

@article{Marg_1994,
    title = {Simple quantum gates},
    author = {Margolus, N},
    journal = {Unpublished manuscript (circa 1994)},
    year = {1994},
}

@misc{Song_2003,
    title = {},
    author = {Song, Guang and Klappenecker, Andreas},
    year = {2003},
    eprint = {quant-ph/0312225},
    archivePrefix = {arXiv},
    primaryClass = {quant-ph},
}

@article{Maslov_2016,
    title = {Advantages of using relative-phase Toffoli gates with an
             application to multiple control Toffoli optimization},
    author = {Maslov, Dmitri},
    journal = {Phys. Rev. A},
    volume = {93},
    issue = {2},
    pages = {022311},
    numpages = {12},
    year = {2016},
    month = {Feb},
    publisher = {American Physical Society},
}

%%%%%%%%%%%%
%% Grover %%
%%%%%%%%%%%%

@article{Grover_1997,
    title = {Quantum Mechanics Helps in Searching for a Needle in a Haystack},
    author = {Grover, Lov K.},
    journal = {Phys. Rev. Lett.},
    volume = {79},
    issue = {2},
    pages = {325--328},
    numpages = {0},
    year = {1997},
    month = {Jul},
    publisher = {American Physical Society},
    doi = {10.1103/PhysRevLett.79.325},
    url = {https://link.aps.org/doi/10.1103/PhysRevLett.79.325},
}


@inproceedings{Grover_2005,
    author = {Lov K. Grover and Jaikumar Radhakrishnan},
    booktitle = {Proceedings of the 17th annual {ACM} symposium on Parallelism
                 in algorithms and architectures - {SPAA}{\textquotesingle}05},
    title = {Is partial quantum search of a database any easier?},
    year = {2005},
    publisher = {{ACM} Press},
    doi = {10.1145/1073970.1073997},
}

@misc{Brassard_2002,
    author = {Gilles Brassard and Peter H{\o}yer and Michele Mosca and Alain
              Tapp},
    title = {Quantum amplitude amplification and estimation},
    year = {2002},
    doi = {10.1090/conm/305/05215},
    pages = {53--74},
    publisher = {American Mathematical Society},
}

@article{Boyer_1998,
    author = {Michel Boyer and Gilles Brassard and Peter H{\o}yer and Alain Tapp
              },
    journal = {Fortschritte der Physik},
    title = {Tight Bounds on Quantum Searching},
    year = {1998},
    month = {jun},
    number = {4-5},
    pages = {493--505},
    volume = {46},
    doi = {10.1002/(sici)1521-3978(199806)46:4/5<493::aid-prop493>3.0.co;2-p},
    publisher = {Wiley},
}

@article{Gingrich_2000,
    author = {Robert M. Gingrich and Colin P. Williams and Nicolas J. Cerf},
    journal = {Physical Review A},
    title = {Generalized quantum search with parallelism},
    year = {2000},
    month = {apr},
    number = {5},
    pages = {052313},
    volume = {61},
    doi = {10.1103/physreva.61.052313},
    publisher = {American Physical Society ({APS})},
}

@article{Zalka_1999,
    author = {Christof Zalka},
    journal = {Physical Review A},
    title = {Grover's quantum searching algorithm is optimal},
    year = {1999},
    month = {oct},
    number = {4},
    pages = {2746--2751},
    volume = {60},
    doi = {10.1103/physreva.60.2746},
    publisher = {American Physical Society ({APS})},
}

@article{Bennett_1997,
    author = {Charles H. Bennett and Ethan Bernstein and Gilles Brassard and
              Umesh Vazirani},
    journal = {{SIAM} Journal on Computing},
    title = {Strengths and Weaknesses of Quantum Computing},
    year = {1997},
    month = {oct},
    number = {5},
    pages = {1510--1523},
    volume = {26},
    doi = {10.1137/s0097539796300933},
    publisher = {Society for Industrial {\&} Applied Mathematics ({SIAM})},
}

@article{Grover_1998,
    author = {Lov K. Grover},
    title = {How fast can a quantum computer search?},
    year = {1998},
    month = sep,
    abstract = {This paper gives a simple proof of why a quantum computer,
                despite being in all possible states simultaneously, needs at
                least 0.707 sqrt(N) queries to retrieve a desired item from an
                unsorted list of items. The proof is refined to show that a
                quantum computer would need at least 0.785 sqrt(N) queries. The
                quantum search algorithm needs precisely this many queries.},
    archiveprefix = {arXiv},
    eprint = {quant-ph/9809029},
    file = {:http\://arxiv.org/pdf/quant-ph/9809029v3:PDF},
    keywords = {quant-ph},
    primaryclass = {quant-ph},
}

@inproceedings{Grover_2005,
    author = {Lov K. Grover and Jaikumar Radhakrishnan},
    booktitle = {Proceedings of the 17th annual {ACM} symposium on Parallelism
                 in algorithms and architectures - {SPAA}{\textquotesingle}05},
    title = {Is partial quantum search of a database any easier?},
    year = {2005},
    publisher = {{ACM} Press},
    doi = {10.1145/1073970.1073997},
}

@article{Satoh_2020,
    title = {Subdivided Phase Oracle for NISQ Search Algorithms},
    volume = {1},
    url = {http://dx.doi.org/10.1109/TQE.2020.3012068},
    doi = {10.1109/tqe.2020.3012068},
    journal = {IEEE Transactions on Quantum Engineering},
    publisher = {Institute of Electrical and Electronics Engineers (IEEE)},
    author = {Satoh, Takahiko and Ohkura, Yasuhiro and Van Meter, Rodney},
    year = {2020},
    pages = {1–15},
}

@article{Zhang_2020,
    author = {Kun Zhang and Vladimir E. Korepin},
    journal = {Physical Review A},
    title = {Depth optimization of quantum search algorithms beyond Grover{
             \textquotesingle}s algorithm},
    year = {2020},
    month = {mar},
    number = {3},
    pages = {032346},
    volume = {101},
    doi = {10.1103/physreva.101.032346},
    language = {en},
    publisher = {American Physical Society ({APS})},
    url = {https://link.aps.org/doi/10.1103/PhysRevA.101.032346},
    urldate = {2021-07-13},
}

@article{Wang_2020,
    title = {Prospect of using {Grover}'s search in the noisy-intermediate-scale
             quantum-computer era},
    volume = {102},
    url = {http://arxiv.org/abs/2006.10037},
    doi = {10.1103/PhysRevA.102.042609},
    language = {en},
    number = {4},
    urldate = {2021-07-18},
    journal = {Phys. Rev. A},
    author = {Wang, Yulun and Krstic, Predrag S.},
    month = oct,
    year = {2020},
    note = {arXiv: 2006.10037},
    pages = {042609},
}

@article{Gwinner_2020,
    author = {Jan Gwinner and Marcin Briański and Wojciech Burkot and Łukasz
              Czerwiński and Vladyslav Hlembotskyi},
    title = {Benchmarking 16-element quantum search algorithms on
             superconducting quantum processors},
    year = {2020},
    month = jul,
    archiveprefix = {arXiv},
    eprint = {2007.06539},
    file = {:http\://arxiv.org/pdf/2007.06539v3:PDF},
    keywords = {quant-ph, cs.DS, 81P68},
    primaryclass = {quant-ph},
}

@article{Brianski_2021,
    author = {Marcin Bria{\'{n}}ski and Jan Gwinner and Vladyslav Hlembotskyi
              and Witold Jarnicki and Szymon Pli{\'{s}} and Adam Szady},
    journal = {Physical Review A},
    title = {Introducing structure to expedite quantum searching},
    year = {2021},
    month = {jun},
    number = {6},
    pages = {062425},
    volume = {103},
    doi = {10.1103/physreva.103.062425},
    publisher = {American Physical Society ({APS})},
}

@article{Zhang_2021,
    author = {Kun Zhang and Pooja Rao and Kwangmin Yu and Hyunkyung Lim and
              Vladimir Korepin},
    journal = {Quantum Information Processing},
    title = {Implementation of efficient quantum search algorithms on {NISQ}
             computers},
    year = {2021},
    month = {jul},
    number = {7},
    volume = {20},
    doi = {10.1007/s11128-021-03165-2},
    publisher = {Springer Science and Business Media {LLC}},
}

@article{Korepin_2005,
    author = {Vladimir E Korepin},
    journal = {Journal of Physics A: Mathematical and General},
    title = {Optimization of partial search},
    year = {2005},
    month = {oct},
    number = {44},
    pages = {L731--L738},
    volume = {38},
    doi = {10.1088/0305-4470/38/44/l02},
    publisher = {{IOP} Publishing},
}

@article{Korepin_2006,
    author = {Vladimir E. Korepin and Jinfeng Liao},
    journal = {Quantum Information Processing},
    title = {Quest for Fast Partial Search Algorithm},
    year = {2006},
    month = {may},
    number = {3},
    pages = {209--226},
    volume = {5},
    doi = {10.1007/s11128-006-0024-3},
    publisher = {Springer Science and Business Media {LLC}},
}

@article{Korepin_2006a,
    author = {Vladimir E. Korepin and Lov K. Grover},
    journal = {Quantum Information Processing},
    title = {Simple Algorithm for Partial Quantum Search},
    year = {2006},
    month = {feb},
    number = {1},
    pages = {5--10},
    volume = {5},
    doi = {10.1007/s11128-005-0004-z},
    publisher = {Springer Science and Business Media {LLC}},
}

@article{Korepin_2006b,
    author = {V. E. Korepin and B. C. Vallilo},
    journal = {Progress of Theoretical Physics},
    title = {Group Theoretical Formulation of a Quantum Partial Search Algorithm
             },
    year = {2006},
    month = {nov},
    number = {5},
    pages = {783--793},
    volume = {116},
    doi = {10.1143/ptp.116.783},
    publisher = {Oxford University Press ({OUP})},
}

@article{Zhang_2018,
    author = {Kun Zhang and Vladimir Korepin},
    journal = {Quantum Information Processing},
    title = {Quantum partial search for uneven distribution of multiple target
             items},
    year = {2018},
    month = {apr},
    number = {6},
    volume = {17},
    doi = {10.1007/s11128-018-1907-9},
    publisher = {Springer Science and Business Media {LLC}},
}

@article{Choi_2007,
    author = {Byung-Soo Choi and Vladimir E. Korepin},
    journal = {Quantum Information Processing},
    title = {Quantum Partial Search of a Database with Several Target Items},
    year = {2007},
    month = {aug},
    number = {4},
    pages = {243--254},
    volume = {6},
    doi = {10.1007/s11128-007-0056-3},
    publisher = {Springer Science and Business Media {LLC}},
}

@article{Choi_2006,
    author = {Byung-Soo Choi and Thomas A. Walker and Samuel L. Braunstein},
    journal = {Quantum Information Processing},
    title = {Sure Success Partial Search},
    year = {2006},
    month = {nov},
    number = {1},
    pages = {1--8},
    volume = {6},
    doi = {10.1007/s11128-006-0037-y},
    publisher = {Springer Science and Business Media {LLC}},
}

@article{Chuang_1998,
    author = {Isaac L. Chuang and Neil Gershenfeld and Mark Kubinec},
    journal = {Physical Review Letters},
    title = {Experimental Implementation of Fast Quantum Searching},
    year = {1998},
    month = {apr},
    number = {15},
    pages = {3408--3411},
    volume = {80},
    doi = {10.1103/physrevlett.80.3408},
    publisher = {American Physical Society ({APS})},
}

@article{Brickman_2005,
    author = {K.-A. Brickman and P. C. Haljan and P. J. Lee and M. Acton and L.
              Deslauriers and C. Monroe},
    journal = {Physical Review A},
    title = {Implementation of Grover's quantum search algorithm in a scalable
             system},
    year = {2005},
    month = {nov},
    number = {5},
    pages = {050306},
    volume = {72},
    doi = {10.1103/physreva.72.050306},
    publisher = {American Physical Society ({APS})},
}

@article{DiCarlo_2009,
    author = {L. DiCarlo and J. M. Chow and J. M. Gambetta and Lev S. Bishop and
              B. R. Johnson and D. I. Schuster and J. Majer and A. Blais and L.
              Frunzio and S. M. Girvin and R. J. Schoelkopf},
    journal = {Nature},
    title = {Demonstration of two-qubit algorithms with a superconducting
             quantum processor},
    year = {2009},
    month = {jun},
    number = {7252},
    pages = {240--244},
    volume = {460},
    doi = {10.1038/nature08121},
    publisher = {Springer Science and Business Media {LLC}},
}

@article{Figgatt_2017,
    author = {C. Figgatt and D. Maslov and K. A. Landsman and N. M. Linke and S.
              Debnath and C. Monroe},
    journal = {Nature Communications},
    title = {Complete 3-Qubit Grover search on a programmable quantum computer},
    year = {2017},
    month = {dec},
    number = {1},
    volume = {8},
    doi = {10.1038/s41467-017-01904-7},
    publisher = {Springer Science and Business Media {LLC}},
}

@article{Vandersypen_2000,
    author = {Lieven M. K. Vandersypen and Matthias Steffen and Mark H. Sherwood
              and Costantino S. Yannoni and Gregory Breyta and Isaac L. Chuang},
    journal = {Applied Physics Letters},
    title = {Implementation of a three-quantum-bit search algorithm},
    year = {2000},
    month = {jan},
    number = {5},
    pages = {646--648},
    volume = {76},
    doi = {10.1063/1.125846},
    publisher = {{AIP} Publishing},
}





%%%%%%%%%%%
%% Shor %%%
%%%%%%%%%%%

@article{Shor_1997,
    title = {Polynomial-Time Algorithms for Prime Factorization and Discrete
             Logarithms on a Quantum Computer},
    volume = {26},
    number = {5},
    journal = {SIAM Journal on Computing},
    publisher = {Society for Industrial & Applied Mathematics (SIAM)},
    author = {Shor, Peter W.},
    year = {1997},
    month = {Oct},
    pages = {1484–1509},
}

@article{Lopez_2012,
    title = {Experimental realization of Shor’s quantum factoring algorithm
             using qubit recycling},
    volume = {6},
    author = {Martín-López, Enrique and Laing, Anthony and Lawson, Thomas and
              Alvarez, Roberto and Zhou, Xiao-Qi and O’Brien, Jeremy L.},
    journal = {Nature Photonics},
    number = {11},
    publisher = {Springer Science and Business Media LLC},
    year = {2012},
    month = {Oct},
    pages = {773–776},
}

@article{Lawson_2015,
    author = {Thomas Lawson},
    journal = {Quantum Information Processing},
    title = {Odd orders in Shor's factoring algorithm},
    year = {2015},
    month = {jan},
    number = {3},
    pages = {831--838},
    volume = {14},
    doi = {10.1007/s11128-014-0910-z},
    publisher = {Springer Science and Business Media {LLC}},
}

@article{Lu_2007,
    title = {Demonstration of a Compiled Version of Shor's Quantum Factoring
             Algorithm Using Photonic Qubits},
    author = {Lu, Chao-Yang and Browne, Daniel E. and Yang, Tao and Pan,
              Jian-Wei},
    journal = {Phys. Rev. Lett.},
    volume = {99},
    issue = {25},
    pages = {250504},
    numpages = {4},
    year = {2007},
    month = {Dec},
    publisher = {American Physical Society},
    doi = {10.1103/PhysRevLett.99.250504},
    url = {https://link.aps.org/doi/10.1103/PhysRevLett.99.250504},
}

@article{Politi_2009,
    title = {Shor’s Quantum Factoring Algorithm on a Photonic Chip},
    volume = {325},
    url = {http://dx.doi.org/10.1126/science.1173731},
    DOI = {10.1126/science.1173731},
    number = {5945},
    journal = {Science},
    publisher = {American Association for the Advancement of Science (AAAS)},
    author = {Politi, Alberto and Matthews, Jonathan C. F. and O’Brien, Jeremy
              L.},
    year = {2009},
    month = {Sep},
    pages = {1221–1221},
}

@article{Lucero_2012,
    author = {Erik Lucero and R. Barends and Y. Chen and J. Kelly and M.
              Mariantoni and A. Megrant and P. O'Malley and D. Sank and A.
              Vainsencher and J. Wenner and T. White and Y. Yin and A. N. Cleland
              and John M. Martinis},
    title = {Computing prime factors with a Josephson phase qubit quantum
             processor},
    year = {2012},
    month = {aug},
    number = {10},
    pages = {719--723},
    volume = {8},
    doi = {10.1038/nphys2385},
    publisher = {Springer Science and Business Media {LLC}},
}

@article{Griffiths_1996,
    author = {Robert B. Griffiths and Chi-Sheng Niu},
    title = {Semiclassical Fourier Transform for Quantum Computation},
    year = {1996},
    month = {apr},
    number = {17},
    pages = {3228--3231},
    volume = {76},
    doi = {10.1103/physrevlett.76.3228},
    publisher = {American Physical Society ({APS})},
}

@article{Lanyon_2007,
    title = {Experimental Demonstration of a Compiled Version of Shor's
             Algorithm with Quantum Entanglement},
    author = {Lanyon, B. P. and Weinhold, T. J. and Langford, N. K. and Barbieri
              , M. and James, D. F. V. and Gilchrist, A. and White, A. G.},
    journal = {Phys. Rev. Lett.},
    volume = {99},
    issue = {25},
    pages = {250505},
    numpages = {4},
    year = {2007},
    month = {Dec},
    publisher = {American Physical Society},
    doi = {10.1103/PhysRevLett.99.250505},
    url = {https://link.aps.org/doi/10.1103/PhysRevLett.99.250505},
}

@article{Peng_2008,
    author = {Xinhua Peng and Zeyang Liao and Nanyang Xu and Gan Qin and Xianyi
              Zhou and Dieter Suter and Jiangfeng Du},
    title = {Quantum Adiabatic Algorithm for Factorization and Its Experimental
             Implementation},
    year = {2008},
    month = {nov},
    number = {22},
    pages = {220405},
    volume = {101},
    doi = {10.1103/physrevlett.101.220405},
    publisher = {American Physical Society ({APS})},
}

@article{Vidal_2003a,
    author = {Guifr{\'{e}} Vidal},
    title = {Efficient Classical Simulation of Slightly Entangled Quantum
             Computations},
    year = {2003},
    month = {oct},
    number = {14},
    pages = {147902},
    volume = {91},
    doi = {10.1103/physrevlett.91.147902},
    publisher = {American Physical Society ({APS})},
}

@article{Jozsa_2003,
    author = {Richard Jozsa and Noah Linden},
    title = {On the role of entanglement in quantum-computational speed-up},
    year = {2003},
    month = {aug},
    number = {2036},
    pages = {2011--2032},
    volume = {459},
    doi = {10.1098/rspa.2002.1097},
    publisher = {The Royal Society},
}

@article{Braunstein_1999,
    author = {S. L. Braunstein and C. M. Caves and R. Jozsa and N. Linden and S.
              Popescu and R. Schack},
    title = {Separability of Very Noisy Mixed States and Implications for {NMR}
             Quantum Computing},
    year = {1999},
    month = {aug},
    number = {5},
    pages = {1054--1057},
    volume = {83},
    doi = {10.1103/physrevlett.83.1054},
    publisher = {American Physical Society ({APS})},
}




@article{Vandersypen_2001,
    title = {Experimental realization of Shor’s quantum factoring algorithm
             using nuclear magnetic resonance},
    volume = {414},
    url = {http://dx.doi.org/10.1038/414883a},
    DOI = {10.1038/414883a},
    number = {6866},
    journal = {Nature},
    publisher = {Springer Science and Business Media LLC},
    author = {Vandersypen, Lieven M. K. and Steffen, Matthias and Breyta,
              Gregory and Yannoni, Costantino S. and Sherwood, Mark H. and Chuang
              , Isaac L.},
    year = {2001},
    month = {Dec},
    pages = {883–887},
}

@article{Amico_2019,
    title = {Experimental study of Shor's factoring algorithm using the IBM Q
             Experience},
    author = {Amico, Mirko and Saleem, Zain H. and Kumph, Muir},
    journal = {Phys. Rev. A},
    volume = {100},
    issue = {1},
    pages = {012305},
    numpages = {9},
    year = {2019},
    month = {Jul},
    publisher = {American Physical Society},
}

@article{Pal_2019,
    author = {Soham Pal and Saranyo Moitra and V S Anjusha and Anil Kumar and T
              S Mahesh},
    title = {Hybrid scheme for factorisation: Factoring 551 using a 3-qubit {NMR
             } quantum adiabatic processor},
    year = {2019},
    month = {jan},
    number = {2},
    volume = {92},
    doi = {10.1007/s12043-018-1684-0},
    publisher = {Springer Science and Business Media {LLC}},
}

@article{Xu_2012,
    author = {Nanyang Xu and Jing Zhu and Dawei Lu and Xianyi Zhou and Xinhua
              Peng and Jiangfeng Du},
    title = {Quantum Factorization of 143 on a Dipolar-Coupling Nuclear Magnetic
             Resonance System},
    year = {2012},
    month = {mar},
    number = {13},
    pages = {130501},
    volume = {108},
    doi = {10.1103/physrevlett.108.130501},
    publisher = {American Physical Society ({APS})},
}

%%%%%%%%%%
%% MBQC %%
%%%%%%%%%%

@article{Walther_2005,
    title = {Experimental one-way quantum computing},
    volume = {434},
    url = {http://dx.doi.org/10.1038/nature03347},
    doi = {10.1038/nature03347},
    number = {7030},
    journal = {Nature},
    publisher = {Springer Science and Business Media LLC},
    author = {Walther, P. and Resch, K. J. and Rudolph, T. and Schenck, E. and
              Weinfurter, H. and Vedral, V. and Aspelmeyer, M. and Zeilinger, A.},
    year = {2005},
    month = {Mar},
    pages = {169–176},
}

%%%%%%%%%%%%%%%%%%
%% Experimental %%
%%%%%%%%%%%%%%%%%%

@article{Kwiat_1995,
    title = {New High-Intensity Source of Polarization-Entangled Photon Pairs},
    author = {Kwiat, Paul G. and Mattle, Klaus and Weinfurter, Harald and
              Zeilinger, Anton and Sergienko, Alexander V. and Shih, Yanhua},
    journal = {Phys. Rev. Lett.},
    volume = {75},
    issue = {24},
    pages = {4337--4341},
    numpages = {0},
    year = {1995},
    month = {Dec},
    publisher = {American Physical Society},
    doi = {10.1103/PhysRevLett.75.4337},
    url = {https://link.aps.org/doi/10.1103/PhysRevLett.75.4337},
}

@article{Kwiat_1999,
    title = {Ultrabright source of polarization-entangled photons},
    volume = {60},
    url = {http://dx.doi.org/10.1103/PhysRevA.60.R773},
    doi = {10.1103/physreva.60.r773},
    number = {2},
    journal = {Physical Review A},
    publisher = {American Physical Society (APS)},
    author = {Kwiat, Paul G. and Waks, Edo and White, Andrew G. and Appelbaum,
              Ian and Eberhard, Philippe H.},
    year = {1999},
    month = {Aug},
    pages = {R773–R776},
}

@article{Park_2007,
    author = {Hee Su Park and Jaeyoon Cho and Jae Yong Lee and Dong-Hoon Lee and
              Sang-Kyung Choi},
    journal = {Opt. Express},
    number = {26},
    pages = {17960--17966},
    publisher = {OSA},
    title = {Two-photon four-qubit cluster state generation based on a
             polarization-entangled photon pair},
    volume = {15},
    month = {Dec},
    year = {2007},
    url = {http://www.opticsexpress.org/abstract.cfm?URI=oe-15-26-17960},
    doi = {10.1364/OE.15.017960},
}

@article{Saxena_2021,
    author = {Ashwin Saxena and Abhishek Shukla and Anirban Pathak},
    title = {A hybrid scheme for prime factorization and its experimental
             implementation using {IBM} quantum processor},
    year = {2021},
    month = {mar},
    number = {3},
    volume = {20},
    doi = {10.1007/s11128-021-03053-9},
    publisher = {Springer Science and Business Media {LLC}},
}

@article{Parker_2000,
    author = {S. Parker and M. B. Plenio},
    title = {Efficient Factorization with a Single Pure Qubit {andlogNMixed}
             Qubits},
    year = {2000},
    month = {oct},
    number = {14},
    pages = {3049--3052},
    volume = {85},
    doi = {10.1103/physrevlett.85.3049},
    publisher = {American Physical Society ({APS})},
}

@article{Beauregard_2003,
    author = {Beauregard, Stephane},
    title = {Circuit for Shor's Algorithm Using 2n+3 Qubits},
    year = {2003},
    issue_date = {March 2003},
    publisher = {Rinton Press, Incorporated},
    address = {Paramus, NJ},
    volume = {3},
    number = {2},
    journal = {Quantum Info. Comput.},
    month = mar,
    pages = {175–185},
    numpages = {11},
    keywords = {factorization, quantum circuits, modular arithmetics},
}

@article{Flammia_2011,
    author = {Steven T. Flammia and Yi-Kai Liu},
    title = {Direct Fidelity Estimation from Few Pauli Measurements},
    year = {2011},
    month = {jun},
    number = {23},
    pages = {230501},
    volume = {106},
    doi = {10.1103/physrevlett.106.230501},
    publisher = {American Physical Society ({APS})},
}

@article{Gross_2010,
    author = {David Gross and Yi-Kai Liu and Steven T. Flammia and Stephen
              Becker and Jens Eisert},
    title = {Quantum State Tomography via Compressed Sensing},
    year = {2010},
    month = {oct},
    number = {15},
    pages = {150401},
    volume = {105},
    doi = {10.1103/physrevlett.105.150401},
    publisher = {American Physical Society ({APS})},
}

@article{Huang_2020,
    author = {Hsin-Yuan Huang and Richard Kueng and John Preskill},
    title = {Predicting many properties of a quantum system from very few
             measurements},
    year = {2020},
    month = {jun},
    number = {10},
    pages = {1050--1057},
    volume = {16},
    doi = {10.1038/s41567-020-0932-7},
    publisher = {Springer Science and Business Media {LLC}},
}

@article{Baccari_2017,
    author = {F. Baccari and D. Cavalcanti and P. Wittek and A. Ac{\'{\i}}n},
    title = {Efficient Device-Independent Entanglement Detection for
             Multipartite Systems},
    year = {2017},
    month = {jun},
    number = {2},
    pages = {021042},
    volume = {7},
    doi = {10.1103/physrevx.7.021042},
    publisher = {American Physical Society ({APS})},
}

@article{Knips_2016,
    author = {Lukas Knips and Christian Schwemmer and Nico Klein and Marcin Wie{
              \'{s}}niak and Harald Weinfurter},
    title = {Multipartite Entanglement Detection with Minimal Effort},
    year = {2016},
    month = {nov},
    number = {21},
    pages = {210504},
    volume = {117},
    doi = {10.1103/physrevlett.117.210504},
    publisher = {American Physical Society ({APS})},
}

@article{Beckman_1996,
    author = {David Beckman and Amalavoyal N. Chari and Srikrishna Devabhaktuni
              and John Preskill},
    title = {Efficient networks for quantum factoring},
    year = {1996},
    month = {aug},
    number = {2},
    pages = {1034--1063},
    volume = {54},
    doi = {10.1103/physreva.54.1034},
    publisher = {American Physical Society ({APS})},
}

@article{Vedral_1996,
    author = {Vlatko Vedral and Adriano Barenco and Artur Ekert},
    title = {Quantum networks for elementary arithmetic operations},
    year = {1996},
    month = {jul},
    number = {1},
    pages = {147--153},
    volume = {54},
    doi = {10.1103/physreva.54.147},
    publisher = {American Physical Society ({APS})},
}

@article{Zalka_1998,
    author = {Christof Zalka},
    title = {Fast versions of Shor's quantum factoring algorithm},
    year = {1998},
    month = jun,
    abstract = {We present fast and highly parallelized versions of Shor's
                algorithm. With a sizable quantum computer it would then be
                possible to factor numbers with millions of digits. The main
                algorithm presented here uses FFT-based fast integer
                multiplication. The quick reader can just read the introduction
                and the ``Results'' section.},
    archiveprefix = {arXiv},
    eprint = {quant-ph/9806084},
    file = {:http\://arxiv.org/pdf/quant-ph/9806084v1:PDF},
    keywords = {quant-ph},
    primaryclass = {quant-ph},
}

@article{Yu_2013,
    title = {Five two-qubit gates are necessary for implementing the {Toffoli}
             gate},
    volume = {88},
    url = {https://link.aps.org/doi/10.1103/PhysRevA.88.010304},
    doi = {10.1103/PhysRevA.88.010304},
    language = {en},
    number = {1},
    urldate = {2021-06-19},
    journal = {Phys. Rev. A},
    author = {Yu, Nengkun and Duan, Runyao and Ying, Mingsheng},
    month = jul,
    year = {2013},
    pages = {010304},
}

@article{He_2017,
    title = {Decompositions of n-qubit {Toffoli} {Gates} with {Linear} {Circuit}
             {Complexity}},
    volume = {56},
    url = {http://link.springer.com/10.1007/s10773-017-3389-4},
    doi = {10.1007/s10773-017-3389-4},
    number = {7},
    journal = {Int J Theor Phys},
    author = {He, Yong and Luo, Ming-Xing and Zhang, E. and Wang, Hong-Ke and
              Wang, Xiao-Feng},
    month = jul,
    year = {2017},
    pages = {2350--2361},
}

@article{Shende_2008,
    author = {Shende, Vivek V. and Markov, Igor L.},
    title = {On the CNOT-Cost of TOFFOLI Gates},
    year = {2009},
    publisher = {Rinton Press, Incorporated},
    address = {Paramus, NJ},
    volume = {9},
    number = {5},
    journal = {Quantum Inf. Comput.},
    pages = {461–486},
}



@incollection{HARIHARAN_1996,
    title = {II Quantum Phenomena in Optical Interferometry},
    editor = {E. Wolf},
    series = {Progress in Optics},
    publisher = {Elsevier},
    volume = {36},
    pages = {49-128},
    year = {1996},
    doi = {https://doi.org/10.1016/S0079-6638(08)70313-5},
    url = {https://www.sciencedirect.com/science/article/pii/S0079663808703135},
    author = {P. Hariharan and B.C. Sanders},
}

@article{Bell_2014,
    title = {Experimental demonstration of graph-state quantum secret sharing},
    volume = {5},
    url = {http://dx.doi.org/10.1038/ncomms6480},
    DOI = {10.1038/ncomms6480},
    number = {1},
    journal = {Nature Communications},
    publisher = {Springer Science and Business Media LLC},
    author = {Bell, B. A. and Markham, D. and Herrera-Martí, D. A. and Marin, A.
              and Wadsworth, W. J. and Rarity, J. G. and Tame, M. S.},
    year = {2014},
    month = {Nov},
}

@article{Gaertner_2008,
    title = {Experimental Demonstration of a Quantum Protocol for Byzantine
             Agreement and Liar Detection},
    author = {Gaertner, Sascha and Bourennane, Mohamed and Kurtsiefer, Christian
              and Cabello, Ad\'an and Weinfurter, Harald},
    journal = {Phys. Rev. Lett.},
    volume = {100},
    issue = {7},
    pages = {070504},
    numpages = {4},
    year = {2008},
    month = {Feb},
    publisher = {American Physical Society},
    doi = {10.1103/PhysRevLett.100.070504},
    url = {https://link.aps.org/doi/10.1103/PhysRevLett.100.070504},
}


@article{Barbieri_2006,
    title = {Enhancing the Violation of the Einstein-Podolsky-Rosen Local
             Realism by Quantum Hyperentanglement},
    volume = {97},
    url = {http://dx.doi.org/10.1103/PhysRevLett.97.140407},
    DOI = {10.1103/physrevlett.97.140407},
    number = {14},
    journal = {Physical Review Letters},
    publisher = {American Physical Society (APS)},
    author = {Barbieri, Marco and De Martini, Francesco and Mataloni, Paolo and
              Vallone, Giuseppe and Cabello, Adán},
    year = {2006},
    month = {Oct},
}

@article{Tokunaga_2008,
    title = {Generation of High-Fidelity Four-Photon Cluster State and
             Quantum-Domain Demonstration of One-Way Quantum Computing},
    volume = {100},
    url = {http://dx.doi.org/10.1103/PhysRevLett.100.210501},
    DOI = {10.1103/physrevlett.100.210501},
    number = {21},
    journal = {Physical Review Letters},
    publisher = {American Physical Society (APS)},
    author = {Tokunaga, Yuuki and Kuwashiro, Shin and Yamamoto, Takashi and
              Koashi, Masato and Imoto, Nobuyuki},
    year = {2008},
    month = {May},
}

@article{Barz_2012,
    author = {Stefanie Barz and Elham Kashefi and Anne Broadbent and Joseph F.
              Fitzsimons and Anton Zeilinger and Philip Walther},
    journal = {Science},
    title = {Demonstration of Blind Quantum Computing},
    year = {2012},
    month = {jan},
    number = {6066},
    pages = {303--308},
    volume = {335},
    doi = {10.1126/science.1214707},
    publisher = {American Association for the Advancement of Science ({AAAS})},
}

@article{Chen_2007,
    title = {Experimental Realization of One-Way Quantum Computing with
             Two-Photon Four-Qubit Cluster States},
    volume = {99},
    url = {http://dx.doi.org/10.1103/PhysRevLett.99.120503},
    DOI = {10.1103/physrevlett.99.120503},
    number = {12},
    journal = {Physical Review Letters},
    publisher = {American Physical Society (APS)},
    author = {Chen, Kai and Li, Che-Ming and Zhang, Qiang and Chen, Yu-Ao and
              Goebel, Alexander and Chen, Shuai and Mair, Alois and Pan, Jian-Wei
              },
    year = {2007},
    month = {Sep},
}

@article{Kiesel_2005,
    title = {Experimental Analysis of a Four-Qubit Photon Cluster State},
    volume = {95},
    url = {http://dx.doi.org/10.1103/PhysRevLett.95.210502},
    DOI = {10.1103/physrevlett.95.210502},
    number = {21},
    journal = {Physical Review Letters},
    publisher = {American Physical Society (APS)},
    author = {Kiesel, Nikolai and Schmid, Christian and Weber, Ulrich and Tóth,
              Géza and Gühne, Otfried and Ursin, Rupert and Weinfurter, Harald},
    year = {2005},
    month = {Nov},
}

@article{Kiesel_2007,
    title = {Experimental Observation of Four-Photon Entangled Dicke State with
             High Fidelity},
    author = {Kiesel, N. and Schmid, C. and T\'oth, G. and Solano, E. and
              Weinfurter, H.},
    journal = {Phys. Rev. Lett.},
    volume = {98},
    issue = {6},
    pages = {063604},
    numpages = {4},
    year = {2007},
    month = {Feb},
    publisher = {American Physical Society},
    doi = {10.1103/PhysRevLett.98.063604},
    url = {https://link.aps.org/doi/10.1103/PhysRevLett.98.063604},
}

@article{Schmid_2010,
    doi = {10.1088/1367-2630/12/6/063031},
    url = {https://doi.org/10.1088/1367-2630/12/6/063031},
    year = 2010,
    month = {jun},
    publisher = {{IOP} Publishing},
    volume = {12},
    number = {6},
    pages = {063031},
    author = {C Schmid and A P Flitney and W Wieczorek and N Kiesel and H
              Weinfurter and L C L Hollenberg},
    title = {Experimental implementation of a four-player quantum game},
}


@article{Lu_2006,
    title = {Experimental entanglement of six photons in graph states},
    volume = {3},
    url = {http://dx.doi.org/10.1038/nphys507},
    DOI = {10.1038/nphys507},
    number = {2},
    journal = {Nature Physics},
    publisher = {Springer Science and Business Media LLC},
    author = {Lu, Chao-Yang and Zhou, Xiao-Qi and Gühne, Otfried and Gao, Wei-Bo
              and Zhang, Jin and Yuan, Zhen-Sheng and Goebel, Alexander and Yang,
              Tao and Pan, Jian-Wei},
    year = {2007},
    month = {Jan},
    pages = {91–95},
}

@article{Vallone_2008,
    title = {One-way quantum computation via manipulation of polarization and
             momentum qubits in two-photon cluster states},
    volume = {5},
    url = {http://dx.doi.org/10.1002/lapl.200710140},
    DOI = {10.1002/lapl.200710140},
    number = {5},
    journal = {Laser Physics Letters},
    publisher = {IOP Publishing},
    author = {Vallone, G and Pomarico, E and De Martini, F and Mataloni, P},
    year = {2008},
    month = {May},
    pages = {398–403},
}


@article{Prevedel_2007,
    title = {High-speed linear optics quantum computing using active
             feed-forward},
    volume = {445},
    url = {http://dx.doi.org/10.1038/nature05346},
    DOI = {10.1038/nature05346},
    number = {7123},
    journal = {Nature},
    publisher = {Springer Science and Business Media LLC},
    author = {Prevedel, Robert and Walther, Philip and Tiefenbacher, Felix and
              Böhi, Pascal and Kaltenbaek, Rainer and Jennewein, Thomas and
              Zeilinger, Anton},
    year = {2007},
    month = {Jan},
    pages = {65–69},
}

@article{Branning_2009,
    author = {Branning,D. and Bhandari,S. and Beck,M. },
    title = {Low-cost coincidence-counting electronics for undergraduate quantum
             optics},
    journal = {American Journal of Physics},
    volume = {77},
    number = {7},
    pages = {667-670},
    year = {2009},
    doi = {10.1119/1.3116803},
    URL = { https://doi.org/10.1119/1.3116803 },
    eprint = { https://doi.org/10.1119/1.3116803 },
}

@article{CHSH_1969,
    title = {Proposed Experiment to Test Local Hidden-Variable Theories},
    author = {Clauser, John F. and Horne, Michael A. and Shimony, Abner and Holt
              , Richard A.},
    journal = {Phys. Rev. Lett.},
    volume = {23},
    issue = {15},
    pages = {880--884},
    numpages = {0},
    year = {1969},
    month = {Oct},
    publisher = {American Physical Society},
    doi = {10.1103/PhysRevLett.23.880},
    url = {https://link.aps.org/doi/10.1103/PhysRevLett.23.880},
}

@misc{GHZ_2007,
    title = {Going Beyond Bell's Theorem},
    author = {Daniel M. Greenberger and Michael A. Horne and Anton Zeilinger},
    year = {2007},
    eprint = {0712.0921},
    archivePrefix = {arXiv},
    primaryClass = {quant-ph},
}


@article{Bell_1964,
    title = {On the Einstein Podolsky Rosen paradox},
    author = {Bell, J. S.},
    journal = {Physics Physique Fizika},
    volume = {1},
    issue = {3},
    pages = {195--200},
    numpages = {6},
    year = {1964},
    month = {Nov},
    publisher = {American Physical Society},
    doi = {10.1103/PhysicsPhysiqueFizika.1.195},
    url = {https://link.aps.org/doi/10.1103/PhysicsPhysiqueFizika.1.195},
}


@article{EPR_1935,
    title = {Can Quantum-Mechanical Description of Physical Reality Be
             Considered Complete?},
    author = {Einstein, A. and Podolsky, B. and Rosen, N.},
    journal = {Phys. Rev.},
    volume = {47},
    issue = {10},
    pages = {777--780},
    numpages = {0},
    year = {1935},
    month = {May},
    publisher = {American Physical Society},
    doi = {10.1103/PhysRev.47.777},
    url = {https://link.aps.org/doi/10.1103/PhysRev.47.777},
}

@article{Munro_2001,
    author = { W. J. Munro and K. Nemoto and A. G. White },
    title = {The bell inequality: A measure of entanglement?},
    journal = {Journal of Modern Optics},
    volume = {48},
    number = {7},
    pages = {1239-1246},
    year = {2001},
    publisher = {Taylor & Francis},
    doi = {10.1080/09500340108231766},
    URL = {https://doi.org/10.1080/09500340108231766},
    eprint = {https://doi.org/10.1080/09500340108231766},
}

@article{White_1999,
    title = {Nonmaximally Entangled States: Production, Characterization, and
             Utilization},
    volume = {83},
    url = {http://dx.doi.org/10.1103/PhysRevLett.83.3103},
    DOI = {10.1103/physrevlett.83.3103},
    number = {16},
    journal = {Physical Review Letters},
    publisher = {American Physical Society (APS)},
    author = {White, Andrew G. and James, Daniel F. V. and Eberhard, Philippe H.
              and Kwiat, Paul G.},
    year = {1999},
    month = {Oct},
    pages = {3103–3107},
}


@article{Raussendorf_2003,
    title = {Measurement-based quantum computation on cluster states},
    volume = {68},
    url = {http://dx.doi.org/10.1103/PhysRevA.68.022312},
    DOI = {10.1103/physreva.68.022312},
    number = {2},
    journal = {Physical Review A},
    publisher = {American Physical Society (APS)},
    author = {Raussendorf, Robert and Browne, Daniel E. and Briegel, Hans J.},
    year = {2003},
    month = {Aug},
}


@article{Toth_2005,
    title = {Entanglement detection in the stabilizer formalism},
    author = {T\'oth, G\'eza and G\"uhne, Otfried},
    journal = {Phys. Rev. A},
    volume = {72},
    issue = {2},
    pages = {022340},
    numpages = {14},
    year = {2005},
    month = {Aug},
    publisher = {American Physical Society},
    doi = {10.1103/PhysRevA.72.022340},
    url = {https://link.aps.org/doi/10.1103/PhysRevA.72.022340},
}


@article{Guhne_2009,
    title = {Entanglement detection},
    volume = {474},
    url = {http://arxiv.org/abs/0811.2803},
    doi = {10.1016/j.physrep.2009.02.004},
    number = {1-6},
    journal = {Physics Reports},
    author = {Gühne, Otfried and Toth, Geza},
    month = {Apr},
    year = {2009},
}


@article{Resch_2005,
    title = {Full Characterization of a Three-Photon Greenberger-Horne-Zeilinger
             State Using Quantum State Tomography},
    volume = {94},
    url = {http://dx.doi.org/10.1103/PhysRevLett.94.070402},
    DOI = {10.1103/physrevlett.94.070402},
    number = {7},
    journal = {Physical Review Letters},
    publisher = {American Physical Society (APS)},
    author = {Resch, K. J. and Walther, P. and Zeilinger, A.},
    year = {2005},
    month = {Feb},
}

% @article{Karan_2020,
    % = doi,
}= {10.1088/2040-8986/ab89e4},
% 	url = {https://doi.org/10.1088/2040-8986/ab89e4},
% 	year = 2020,
% 	month = {jun},
% 	publisher = {{IOP} Publishing},
% 	volume = {22},
% 	number = {8},
% 	pages = {083501},
% 	author = {Suman Karan and Shaurya Aarav and Homanga Bharadhwaj and Lavanya Taneja and Arinjoy De and Girish Kulkarni and Nilakantha Meher and Anand K Jha},
% 	title = {Phase matching in $\upbeta$-barium borate crystals for spontaneous parametric down-conversion},
% }


% @article{Schneeloch_2019,
    % = doi,
}= {10.1088/2040-8986/ab05a8},
% 	url = {https://doi.org/10.1088/2040-8986/ab05a8},
% 	year = 2019,
% 	month = {feb},
% 	publisher = {{IOP} Publishing},
% 	volume = {21},
% 	number = {4},
% 	pages = {043501},
% 	author = {James Schneeloch and Samuel H Knarr and Daniela F Bogorin and Mackenzie L Levangie and Christopher C Tison and Rebecca Frank and Gregory A Howland and Michael L Fanto and Paul M Alsing},
% 	title = {Introduction to the absolute brightness and number statistics in spontaneous parametric down-conversion},
% }

@article{Bennett_1996,
    title = {Mixed-state entanglement and quantum error correction},
    author = {Bennett, Charles H. and DiVincenzo, David P. and Smolin, John A.
              and Wootters, William K.},
    journal = {Phys. Rev. A},
    volume = {54},
    issue = {5},
    pages = {3824--3851},
    numpages = {0},
    year = {1996},
    month = {Nov},
    publisher = {American Physical Society},
    doi = {10.1103/PhysRevA.54.3824},
    url = {https://link.aps.org/doi/10.1103/PhysRevA.54.3824},
}

@article{HORODECKI_1995,
    title = {Violating Bell inequality by mixed spin-12 states: necessary and
             sufficient condition},
    journal = {Physics Letters A},
    volume = {200},
    number = {5},
    pages = {340-344},
    year = {1995},
    doi = {https://doi.org/10.1016/0375-9601(95)00214-N},
    url = {https://www.sciencedirect.com/science/article/pii/037596019500214N},
    author = {R. Horodecki and P. Horodecki and M. Horodecki},
}

@article{Akselrod_2007,
    author = {G. M. Akselrod and J. B. Altepeter and E. R. Jeffrey and P. G.
              Kwiat},
    title = {Phase-compensated ultra-bright source of entangled photons: erratum
             },
    year = {2007},
    number = {8},
    pages = {5260},
    volume = {15},
    doi = {10.1364/oe.15.005260},
    publisher = {The Optical Society},
}


@article{Akselrod_err_2007,
    author = {G. M. Akselrod and J. B. Altepeter and E. R. Jeffrey and P. G.
              Kwiat},
    title = {Phase-compensated ultra-bright source of entangled photons: erratum
             },
    year = {2007},
    number = {8},
    pages = {5260},
    volume = {15},
    doi = {10.1364/oe.15.005260},
    publisher = {The Optical Society},
}

@article{Rangarajan_2009,
    author = {Radhika Rangarajan and Michael Goggin and Paul Kwiat},
    title = {Optimizing type-I polarization-entangled photons},
    year = {2009},
    month = {sep},
    number = {21},
    pages = {18920},
    volume = {17},
    doi = {10.1364/oe.17.018920},
    publisher = {The Optical Society},
}

@article{Huang_2011,
    author = {Yun-Feng Huang and Bi-Heng Liu and Liang Peng and Yu-Hu Li and Li
              Li and Chuan-Feng Li and Guang-Can Guo},
    title = {Experimental generation of an eight-photon Greenberger{\textendash}
             Horne{\textendash}Zeilinger state},
    year = {2011},
    month = {sep},
    number = {1},
    volume = {2},
    doi = {10.1038/ncomms1556},
    publisher = {Springer Science and Business Media {LLC}},
}

@article{Wang_2016,
    author = {Xi-Lin Wang and Luo-Kan Chen and W. Li and H.-L. Huang and C. Liu
              and C. Chen and Y.-H. Luo and Z.-E. Su and D. Wu and Z.-D. Li and
              H. Lu and Y. Hu and X. Jiang and C.-Z. Peng and L. Li and N.-L. Liu
              and Yu-Ao Chen and Chao-Yang Lu and Jian-Wei Pan},
    title = {Experimental Ten-Photon Entanglement},
    year = {2016},
    month = {nov},
    number = {21},
    pages = {210502},
    volume = {117},
    doi = {10.1103/physrevlett.117.210502},
    publisher = {American Physical Society ({APS})},
}


@article{Carrasco_2006,
    author = {Silvia Carrasco and Alexander V. Sergienko and Bahaa E. A. Saleh
              and Malvin C. Teich and Juan P. Torres and Lluis Torner},
    title = {Spectral engineering of entangled two-photon states},
    year = {2006},
    month = {jun},
    number = {6},
    pages = {063802},
    volume = {73},
    doi = {10.1103/physreva.73.063802},
    publisher = {American Physical Society ({APS})},
}


@article{Yang_2005,
    author = {Tao Yang and Qiang Zhang and Jun Zhang and Juan Yin and Zhi Zhao
              and Marek {\.{Z}}ukowski and Zeng-Bing Chen and Jian-Wei Pan},
    title = {All-Versus-Nothing Violation of Local Realism by Two-Photon,
             Four-Dimensional Entanglement},
    year = {2005},
    month = {dec},
    number = {24},
    pages = {240406},
    volume = {95},
    doi = {10.1103/physrevlett.95.240406},
    publisher = {American Physical Society ({APS})},
}

% @article{Nambu_2002,
    % = title,
}= {Generation of polarization-entangled photon pairs in a cascade of two type-I crystals pumped by femtosecond pulses},
%   author = {Nambu, Yoshihiro and Usami, Koji and Tsuda, Yoshiyuki and Matsumoto, Keiji and Nakamura, Kazuo},
%   journal = {Phys. Rev. A},
%   volume = {66},
%   issue = {3},
%   pages = {033816},
%   numpages = {10},
%   year = {2002},
%   month = {Sep},
%   publisher = {American Physical Society},
%   doi = {10.1103/PhysRevA.66.033816},
%   url = {https://link.aps.org/doi/10.1103/PhysRevA.66.033816}
% }

@article{Baek_2008,
    title = {Spectral properties of entangled photon pairs generated via
             frequency-degenerate type-I spontaneous parametric down-conversion},
    author = {Baek, So-Young and Kim, Yoon-Ho},
    journal = {Phys. Rev. A},
    volume = {77},
    issue = {4},
    pages = {043807},
    numpages = {7},
    year = {2008},
    month = {Apr},
    publisher = {American Physical Society},
    doi = {10.1103/PhysRevA.77.043807},
    url = {https://link.aps.org/doi/10.1103/PhysRevA.77.043807},
}

@article{Fulconis_2007,
    author = {J Fulconis and O Alibart and W J Wadsworth and J G Rarity},
    title = {Quantum interference with photon pairs using two micro-structured
             fibres},
    year = {2007},
    month = {aug},
    number = {8},
    pages = {276--276},
    volume = {9},
    doi = {10.1088/1367-2630/9/8/276},
    publisher = {{IOP} Publishing},
}


@article{Weinfurter_2001,
    title = {Four-photon entanglement from down-conversion},
    author = {Weinfurter, Harald and \ifmmode \dot{Z}\else \.{Z}\fi{}ukowski,
              Marek},
    journal = {Phys. Rev. A},
    volume = {64},
    issue = {1},
    pages = {010102},
    numpages = {4},
    year = {2001},
    month = {Jun},
    publisher = {American Physical Society},
    doi = {10.1103/PhysRevA.64.010102},
    url = {https://link.aps.org/doi/10.1103/PhysRevA.64.010102},
}


@article{Kwiat_1993,
    title = {High-visibility interference in a Bell-inequality experiment for
             energy and time},
    author = {Kwiat, P. G. and Steinberg, A. M. and Chiao, R. Y.},
    journal = {Phys. Rev. A},
    volume = {47},
    issue = {4},
    pages = {R2472--R2475},
    numpages = {0},
    year = {1993},
    month = {Apr},
    publisher = {American Physical Society},
    doi = {10.1103/PhysRevA.47.R2472},
    url = {https://link.aps.org/doi/10.1103/PhysRevA.47.R2472},
}

@article{Franke-Arnold_2002,
    title = {Two-photon entanglement of orbital angular momentum states},
    author = {Franke-Arnold, Sonja and Barnett, Stephen M. and Padgett, Miles J.
              and Allen, L.},
    journal = {Phys. Rev. A},
    volume = {65},
    issue = {3},
    pages = {033823},
    numpages = {6},
    year = {2002},
    month = {Feb},
    publisher = {American Physical Society},
    doi = {10.1103/PhysRevA.65.033823},
    url = {https://link.aps.org/doi/10.1103/PhysRevA.65.033823},
}

@article{Vaziri_2002,
    author = {Alipasha Vaziri and Gregor Weihs and Anton Zeilinger},
    title = {Experimental Two-Photon, Three-Dimensional Entanglement for Quantum
             Communication},
    year = {2002},
    month = {nov},
    number = {24},
    pages = {240401},
    volume = {89},
    doi = {10.1103/physrevlett.89.240401},
    publisher = {American Physical Society ({APS})},
}

@article{Mair_2001,
    author = {Alois Mair and Alipasha Vaziri and Gregor Weihs and Anton
              Zeilinger},
    title = {Entanglement of the orbital angular momentum states of photons},
    year = {2001},
    month = {jul},
    number = {6844},
    pages = {313--316},
    volume = {412},
    doi = {10.1038/35085529},
    publisher = {Springer Science and Business Media {LLC}},
}

@article{Rarity_1990,
    title = {Experimental violation of Bell's inequality based on phase and
             momentum},
    author = {Rarity, J. G. and Tapster, P. R.},
    journal = {Phys. Rev. Lett.},
    volume = {64},
    issue = {21},
    pages = {2495--2498},
    numpages = {0},
    year = {1990},
    month = {May},
    publisher = {American Physical Society},
    doi = {10.1103/PhysRevLett.64.2495},
    url = {https://link.aps.org/doi/10.1103/PhysRevLett.64.2495},
}


@article{Allen_1992,
    title = {Orbital angular momentum of light and the transformation of
             Laguerre-Gaussian laser modes},
    author = {Allen, L. and Beijersbergen, M. W. and Spreeuw, R. J. C. and
              Woerdman, J. P.},
    journal = {Phys. Rev. A},
    volume = {45},
    issue = {11},
    pages = {8185--8189},
    numpages = {0},
    year = {1992},
    month = {Jun},
    publisher = {American Physical Society},
    doi = {10.1103/PhysRevA.45.8185},
    url = {https://link.aps.org/doi/10.1103/PhysRevA.45.8185},
}

@article{Kwiat_1997,
    author = { Paul G. Kwiat },
    title = {Hyper-entangled states},
    journal = {Journal of Modern Optics},
    volume = {44},
    number = {11-12},
    pages = {2173-2184},
    year = {1997},
    publisher = {Taylor & Francis},
    doi = {10.1080/09500349708231877},
    URL = {https://www.tandfonline.com/doi/abs/10.1080/09500349708231877},
    eprint = {https://www.tandfonline.com/doi/pdf/10.1080/09500349708231877},
}

@phdthesis{Nathan_PhD,
    author = {Nathan K. Langford},
    title = {Encoding, manipulating and measuring quantumnm information in
             optics},
    school = {School of Physicsal Sciences},
    year = 2007,
}

@article{Mermin_1990,
    author = {N. David Mermin},
    title = {Extreme quantum entanglement in a superposition of macroscopically
             distinct states},
    year = {1990},
    month = {oct},
    number = {15},
    pages = {1838--1840},
    volume = {65},
    doi = {10.1103/physrevlett.65.1838},
    publisher = {American Physical Society ({APS})},
}

@article{Horodecki_1996,
    author = {Micha{\l} Horodecki and Pawe{\l} Horodecki and Ryszard Horodecki},
    title = {Separability of mixed states: necessary and sufficient conditions},
    year = {1996},
    month = {nov},
    number = {1-2},
    pages = {1--8},
    volume = {223},
    doi = {10.1016/s0375-9601(96)00706-2},
    publisher = {Elsevier {BV}},
}

@article{Gharibian_2010,
    author = {S. Gharibian},
    title = {Strong {NP}-hardness of the quantum separability problem},
    year = {2010},
    month = {mar},
    number = {3{\&}4},
    pages = {343--360},
    volume = {10},
    doi = {10.26421/qic10.3-4-11},
    publisher = {Rinton Press},
}

@inproceedings{Gurvits_2003,
    author = {Leonid Gurvits},
    title = {Classical deterministic complexity of Edmonds{\textquotesingle}
             Problem and quantum entanglement},
    year = {2003},
    publisher = {{ACM} Press},
    doi = {10.1145/780542.780545},
}

@article{Hein_2004,
    author = {M. Hein and J. Eisert and H. J. Briegel},
    title = {Multiparty entanglement in graph states},
    year = {2004},
    month = {jun},
    number = {6},
    pages = {062311},
    volume = {69},
    doi = {10.1103/physreva.69.062311},
    publisher = {American Physical Society ({APS})},
}

@article{Nest_2004,
    author = {Maarten Van den Nest and Jeroen Dehaene and Bart De Moor},
    title = {Graphical description of the action of local Clifford
             transformations on graph states},
    year = {2004},
    month = {feb},
    number = {2},
    pages = {022316},
    volume = {69},
    doi = {10.1103/physreva.69.022316},
    publisher = {American Physical Society ({APS})},
}


@software{yaq,
    title = {thorlabs-apt-protocol},
    author = {{Yet Another AcQuisition}},
    date = {2021-08-11},
    version = {25.2.0},
    url = {https://gitlab.com/yaq/thorlabs-apt-protocol},
}


@software{flask,
    title = {Flask},
    author = {{Pallets Projects}},
    date = {2021-08-11},
    version = {2.0.2},
    url = {https://flask.palletsprojects.com/en/2.0.x/},
}

@software{expo,
    title = {Expo SDK},
    author = {{The Expo Team}},
    date = {2021-08-11},
    version = {43},
    url = {https://expo.dev/},
}

@software{ngrok,
    title = {Ngrok},
    author = {Alan Shreve},
    date = {2021-08-11},
    version = {43},
    url = {https://ngrok.com/},
}

@misc{thorlabs_apt,
    title = {Thorlabs APT Controllers Host-Controller Communications Protocol},
    author = {Thorlabs},
    howpublished = {\url{
                    https://www.thorlabs.com/software/apt/APT_Communications_Protocol_Rev_15.pdf
                    }},
    note = {Accessed: 08-11-2021},
}


@article{Kitaev_1995,
    author = {A. Yu. Kitaev},
    title = {Quantum measurements and the Abelian Stabilizer Problem},
    year = {1995},
    month = nov,
    archiveprefix = {arXiv},
    eprint = {quant-ph/9511026},
    file = {:http\://arxiv.org/pdf/quant-ph/9511026v1:PDF},
    keywords = {quant-ph},
    primaryclass = {quant-ph},
}

@article{Cleve_1998,
    author = {R. Cleve and A. Ekert and C. Macchiavello and M. Mosca},
    title = {Quantum algorithms revisited},
    year = {1998},
    month = {jan},
    number = {1969},
    pages = {339--354},
    volume = {454},
    doi = {10.1098/rspa.1998.0164},
    publisher = {The Royal Society},
}

@article{Toth_2008,
    title = {QUBIT4MATLAB V3.0: A program package for quantum information
             science and quantum optics for MATLAB},
    journal = {Comput. Phys. Commun.},
    volume = {179},
    number = {6},
    pages = {430--437},
    year = {2008},
    doi = {https://doi.org/10.1016/j.cpc.2008.03.007},
    url = {http://www.sciencedirect.com/science/article/pii/S0010465508001367},
    author = {Géza Tóth},
    keywords = {Quantum register, Density matrix, Spin chain, Entanglement},
}

@article{Bourennane_2004,
    author = {Mohamed Bourennane and Manfred Eibl and Christian Kurtsiefer and
              Sascha Gaertner and Harald Weinfurter and Otfried Gühne and Philipp
              Hyllus and Dagmar Bru{\ss} and Maciej Lewenstein and Anna Sanpera},
    title = {Experimental Detection of Multipartite Entanglement using Witness
             Operators},
    year = {2004},
    month = {feb},
    number = {8},
    pages = {087902},
    volume = {92},
    doi = {10.1103/physrevlett.92.087902},
    publisher = {American Physical Society ({APS})},
}

@article{Coppersmith_2002,
    author = {D. Coppersmith},
    title = {An approximate Fourier transform useful in quantum factoring},
    year = {2002},
    month = jan,
    abstract = {We define an approximate version of the Fourier transform on
                $2^L$ elements, which is computationally attractive in a certain
                setting, and which may find application to the problem of
                factoring integers with a quantum computer as is currently under
                investigation by Peter Shor. (1994 IBM Internal Report)},
    archiveprefix = {arXiv},
    eprint = {quant-ph/0201067},
    file = {:http\://arxiv.org/pdf/quant-ph/0201067v1:PDF},
    keywords = {quant-ph},
    primaryclass = {quant-ph},
}

@article{Barenco_1996,
    title = {Approximate {Quantum} {Fourier} {Transform} and {Decoherence}},
    volume = {54},
    doi = {10.1103/PhysRevA.54.139},
    number = {1},
    urldate = {2020-08-10},
    journal = {Phys. Rev. A},
    author = {Barenco, Adriano and Ekert, Artur and Suominen, Kalle-Antti and
              Törmä, Päivi},
    month = jul,
    year = {1996},
    pages = {139--146},
}

@article{Banaszek_2013,
    doi = {10.1088/1367-2630/15/12/125020},
    url = {https://doi.org/10.1088/1367-2630/15/12/125020},
    year = 2013,
    month = {dec},
    publisher = {{IOP} Publishing},
    volume = {15},
    number = {12},
    pages = {125020},
    author = {K Banaszek and M Cramer and D Gross},
    title = {Focus on quantum tomography},
    journal = {New Journal of Physics},
}

@article{Smolin_2012,
    author = {John A. Smolin and Jay M. Gambetta and Graeme Smith},
    title = {Efficient Method for Computing the Maximum-Likelihood Quantum State
             from Measurements with Additive Gaussian Noise},
    year = {2012},
    month = {feb},
    number = {7},
    pages = {070502},
    volume = {108},
    doi = {10.1103/physrevlett.108.070502},
    publisher = {American Physical Society ({APS})},
}


@article{Shi_2002,
    author = {Yaoyun Shi},
    title = {Both Toffoli and Controlled-NOT need little help to do universal
             quantum computation},
    year = {2002},
    month = may,
    archiveprefix = {arXiv},
    eprint = {quant-ph/0205115},
    file = {:http\://arxiv.org/pdf/quant-ph/0205115v2:PDF},
    keywords = {quant-ph},
    primaryclass = {quant-ph},
}

@article{Dawson_2005,
    author = {Christopher M. Dawson and Michael A. Nielsen},
    title = {The Solovay-Kitaev algorithm},
    year = {2005},
    month = may,
    archiveprefix = {arXiv},
    eprint = {quant-ph/0505030},
    file = {:http\://arxiv.org/pdf/quant-ph/0505030v2:PDF},
    keywords = {quant-ph},
    primaryclass = {quant-ph},
}

@article{Efron_1979,
    author = "Efron, B.",
    doi = "10.1214/aos/1176344552",
    fjournal = "The Annals of Statistics",
    journal = "Ann. Statist.",
    month = "01",
    number = "1",
    pages = "1--26",
    publisher = "The Institute of Mathematical Statistics",
    title = "Bootstrap Methods: Another Look at the Jackknife",
    url = "https://doi.org/10.1214/aos/1176344552",
    volume = "7",
    year = "1979",
}

@book{Efron_1982,
    author = "Efron, Bradley",
    title = "{The Jackknife, the bootstrap and other resampling plans}",
    publisher = "SIAM",
    address = "Philadelphia, PA",
    series = "CBMS-NSF Reg. Conf. Ser. Appl. Math.",
    year = "1982",
    url = "https://cds.cern.ch/record/98913",
    note = "Lectures given at Bowling Green State Univ., June 1980",
}

@article{Browne_2016,
    title = {One-way Quantum Computation},
    author = {Browne, Dan and Briegel, Hans},
    journal = {Quantum Information: From Foundations to Quantum Technology
               Applications},
    pages = {449--473},
    year = {2016},
    publisher = {Wiley Online Library},
}

@article{Tame_2009,
    title = {Compact Toffoli gate using weighted graph states},
    volume = {79},
    url = {http://dx.doi.org/10.1103/PhysRevA.79.020302},
    DOI = {10.1103/physreva.79.020302},
    number = {2},
    journal = {Physical Review A},
    publisher = {American Physical Society (APS)},
    year = {2009},
    author = {Tame, M. S. and Özdemir, Ş. K. and Koashi, M. and Imoto, N. and
              Kim, M. S.},
}

@misc{Sammorley_2019,
    author = {{Sammorley-Short}},
    title = {sammorley-short/gsc: v2.0},
    year = {2019},
    copyright = {Open Access},
    doi = {10.5281/ZENODO.2582616},
    publisher = {Zenodo},
}


@article{Adcock_2020,
    title = {Mapping graph state orbits under local complementation},
    volume = {4},
    url = {http://dx.doi.org/10.22331/q-2020-08-07-305},
    DOI = {10.22331/q-2020-08-07-305},
    journal = {Quantum},
    publisher = {Verein zur Forderung des Open Access Publizierens in den
                 Quantenwissenschaften},
    author = {Adcock, Jeremy C. and Morley-Short, Sam and Dahlberg, Axel and
              Silverstone, Joshua W.},
    year = {2020},
    month = {Aug},
    pages = {305},
}

@article{Bouchet_1993,
    author = {Andr{\'{e}} Bouchet},
    journal = {Discrete Mathematics},
    title = {Recognizing locally equivalent graphs},
    year = {1993},
    month = {apr},
    number = {1-3},
    pages = {75--86},
    volume = {114},
    doi = {10.1016/0012-365x(93)90357-y},
    publisher = {Elsevier {BV}},
}

@article{Soeken_2013,
    author = {Mathias Soeken and D. Michael Miller and Rolf Drechsler},
    journal = {Phys. Rev. A 88, 042322 (2013)},
    title = {On quantum circuits employing roots of the Pauli matrices},
    year = {2013},
    month = aug,
    abstract = {The Pauli matrices are a set of three 2x2 complex Hermitian,
                unitary matrices. In this article, we investigate the
                relationships between certain roots of the Pauli matrices and how
                gates implementing those roots are used in quantum circuits.
                Techniques for simplifying such circuits are given. In particular
                , we show how those techniques can be used to find a circuit of
                Clifford+T gates starting from a circuit composed of gates from
                the well studied NCV library.},
    archiveprefix = {arXiv},
    doi = {10.1103/PhysRevA.88.042322},
    eprint = {1308.2493},
    file = {:http\://arxiv.org/pdf/1308.2493v1:PDF},
    keywords = {quant-ph, cs.ET},
    primaryclass = {quant-ph},
}



@article{Nielsen_2006,
    title = {Cluster-state quantum computation},
    volume = {57},
    url = {http://dx.doi.org/10.1016/S0034-4877(06)80014-5},
    DOI = {10.1016/s0034-4877(06)80014-5},
    number = {1},
    journal = {Reports on Mathematical Physics},
    publisher = {Elsevier BV},
    author = {Nielsen, Michael A.},
    year = {2006},
    month = {Feb},
    pages = {147–161},
}

@article{Jozsa_2005,
    author = {Richard Jozsa},
    title = {An introduction to measurement based quantum computation},
    year = {2005},
    month = aug,
    abstract = {In the formalism of measurement based quantum computation we
                start with a given fixed entangled state of many qubits and
                perform computation by applying a sequence of measurements to
                designated qubits in designated bases. The choice of basis for
                later measurements may depend on earlier measurement outcomes and
                the final result of the computation is determined from the
                classical data of all the measurement outcomes. This is in
                contrast to the more familiar gate array model in which
                computational steps are unitary operations, developing a large
                entangled state prior to some final measurements for the output.
                Two principal schemes of measurement based computation are
                teleportation quantum computation (TQC) and the so-called cluster
                model or one-way quantum computer (1WQC). We will describe these
                schemes and show how they are able to perform universal quantum
                computation. We will outline various possible relationships
                between the models which serve to clarify their workings. We will
                also discuss possible novel computational benefits of the
                measurement based models compared to the gate array model,
                especially issues of parallelisability of algorithms.},
    archiveprefix = {arXiv},
    eprint = {quant-ph/0508124},
    file = {:http\://arxiv.org/pdf/quant-ph/0508124v2:PDF},
    keywords = {quant-ph},
    primaryclass = {quant-ph},
}

@misc{Farhi_2014,
    title = {A Quantum Approximate Optimization Algorithm},
    author = {Edward Farhi and Jeffrey Goldstone and Sam Gutmann},
    year = {2014},
    eprint = {1411.4028},
    archivePrefix = {arXiv},
    primaryClass = {quant-ph},
}

@article{Peruzzo_2014,
    author = {Alberto Peruzzo and Jarrod McClean and Peter Shadbolt and Man-Hong
              Yung and Xiao-Qi Zhou and Peter J. Love and Al{\'{a}}n Aspuru-Guzik
              and Jeremy L. O'Brien},
    journal = {Nature Communications},
    title = {A variational eigenvalue solver on a photonic quantum processor},
    year = {2014},
    month = {jul},
    number = {1},
    volume = {5},
    doi = {10.1038/ncomms5213},
    publisher = {Springer Science and Business Media {LLC}},
}


@article{Morales_2018,
    author = {Mauro E. S. Morales and Timur Tlyachev and Jacob Biamonte},
    journal = {Physical Review A},
    title = {Variational learning of Grover{\textquotesingle}s quantum search
             algorithm},
    year = {2018},
    month = {dec},
    number = {6},
    pages = {062333},
    volume = {98},
    doi = {10.1103/physreva.98.062333},
    publisher = {American Physical Society ({APS})},
}

@article{Skosana_2021,
    author = {Unathi Skosana and Mark Tame},
    journal = {Scientific Reports},
    title = {Demonstration of Shor's factoring algorithm for N=21 on {IBM}
             quantum processors},
    year = {2021},
    month = {aug},
    number = {1},
    volume = {11},
    doi = {10.1038/s41598-021-95973-w},
    publisher = {Springer Science and Business Media {LLC}},
}

@inproceedings{Skosana_2021b,
    author = {Skosana, Unathi and Tame, Mark},
    booktitle = {The Proceedings of SAIP2021, the 65\textsuperscript{th} Annual
                 Conference of the South African Institute of Physics},
    title = {On the advantages of relative-phase Toffolis},
    note = {(Accepted for publication)},
}

@article{Simon_1990,
    author = {R. Simon and N. Mukunda},
    journal = {Physics Letters A},
    title = {Minimal three-component {SU}(2) gadget for polarization optics},
    year = {1990},
    month = {jan},
    number = {4-5},
    pages = {165--169},
    volume = {143},
    doi = {10.1016/0375-9601(90)90732-4},
    publisher = {Elsevier {BV}},
}

@article{Kok_2007,
    author = {Pieter Kok and W. J. Munro and Kae Nemoto and T. C. Ralph and
              Jonathan P. Dowling and G. J. Milburn},
    journal = {Reviews of Modern Physics},
    title = {Linear optical quantum computing with photonic qubits},
    year = {2007},
    month = {jan},
    number = {1},
    pages = {135--174},
    volume = {79},
    doi = {10.1103/revmodphys.79.135},
    publisher = {American Physical Society ({APS})},
}

@article{Peres_1996,
    title = {Separability Criterion for Density Matrices},
    volume = {77},
    url = {http://dx.doi.org/10.1103/PhysRevLett.77.1413},
    DOI = {10.1103/physrevlett.77.1413},
    number = {8},
    journal = {Physical Review Letters},
    publisher = {American Physical Society (APS)},
    author = {Peres, Asher},
    year = {1996},
    month = {Aug},
    pages = {1413–14},
}

@article{Plenio_2005,
    author = {Martin B. Plenio and S. Virmani},
    journal = {Quant.Inf.Comput.7:1-51,2007},
    title = {An introduction to entanglement measures},
    year = {2005},
    month = apr,
    abstract = {We review the theory of entanglement measures, concentrating
                mostly on the finite dimensional two-party case. Topics covered
                include: single-copy and asymptotic entanglement manipulation;
                the entanglement of formation; the entanglement cost; the
                distillable entanglement; the relative entropic measures; the
                squashed entanglement; log-negativity; the robustness monotones;
                the greatest cross-norm; uniqueness and extremality theorems.
                Infinite dimensional systems and multi-party settings will be
                discussed briefly.},
    archiveprefix = {arXiv},
    eprint = {quant-ph/0504163},
    file = {:http\://arxiv.org/pdf/quant-ph/0504163v3:PDF},
    keywords = {quant-ph, cond-mat.other},
    primaryclass = {quant-ph},
}

@article{Horodecki_2009,
    author = {Ryszard Horodecki and Pawe{\l} Horodecki and Micha{\l} Horodecki
              and Karol Horodecki},
    title = {Quantum entanglement},
    year = {2009},
    month = {jun},
    number = {2},
    pages = {865--942},
    volume = {81},
    doi = {10.1103/revmodphys.81.865},
    publisher = {American Physical Society ({APS})},
}
